// hypergraph vis
@inproceedings{fischer2021hypergraphsurvey,
  title={Towards a survey on static and dynamic hypergraph visualizations},
  author={Fischer, Maximilian T and Frings, Alexander and Keim, Daniel A and Seebacher, Daniel},
  booktitle={2021 IEEE visualization conference (VIS)},
  pages={81--85},
  year={2021},
  organization={IEEE}
}
@article{ouvrard2017hypergraph,
  author       = {Xavier Ouvrard and
                  Jean{-}Marie Le Goff and
                  St{\'{e}}phane Marchand{-}Maillet},
  title        = {Networks of Collaborations: Hypergraph Modeling and Visualisation},
  journal      = {CoRR},
  volume       = {abs/1707.00115},
  year         = {2017},
  url          = {http://arxiv.org/abs/1707.00115},
  eprinttype    = {arXiv},
  eprint       = {1707.00115},
  timestamp    = {Mon, 13 Aug 2018 16:48:02 +0200},
  biburl       = {https://dblp.org/rec/journals/corr/OuvrardGM17.bib},
  bibsource    = {dblp computer science bibliography, https://dblp.org}
}

@article{abdelaal2022network,
  title={Comparative evaluation of bipartite, node-link, and matrix-based network representations},
  author={Abdelaal, Moataz and Schiele, Nathan D and Angerbauer, Katrin and Kurzhals, Kuno and Sedlmair, Michael and Weiskopf, Daniel},
  journal={IEEE Transactions on Visualization and Computer Graphics},
  volume={29},
  number={1},
  pages={896--906},
  year={2022},
  publisher={IEEE}
}
@article{steinbach2000doccluster,
  title={A comparison of document clustering techniques},
  author={Steinbach, Michael and Karypis, George and Kumar, Vipin},
  year={2000}
}
// attributed node clustering
@inproceedings{citraro2020eva,
  title={Eva: Attribute-aware network segmentation},
  author={Salvatore Citraro and Giulio Rossetti},
  booktitle={Complex Networks and Their Applications VIII: Volume 1 Proceedings of the Eighth International Conference on Complex Networks and Their Applications COMPLEX NETWORKS 2019 8},
  pages={141--151},
  year={2020},
  organization={Springer}
}
@inproceedings{combe2015louvain,
  title={I-louvain: An attributed graph clustering method},
  author={Combe, David and Largeron, Christine and G{\'e}ry, Mathias and Egyed-Zsigmond, El{\H{o}}d},
  booktitle={Advances in Intelligent Data Analysis XIV: 14th International Symposium, IDA 2015, Saint Etienne. France, October 22-24, 2015. Proceedings 14},
  pages={181--192},
  year={2015},
  organization={Springer}
}
// hypergraph clustering
@inproceedings{kumar2020new,
  title={A new measure of modularity in hypergraphs: Theoretical insights and implications for effective clustering},
  author={Kumar, Tarun and Vaidyanathan, Sankaran and Ananthapadmanabhan, Harini and Parthasarathy, Srinivasan and Ravindran, Balaraman},
  booktitle={Complex Networks and Their Applications VIII: Volume 1 Proceedings of the Eighth International Conference on Complex Networks and Their Applications COMPLEX NETWORKS 2019 8},
  pages={286--297},
  year={2020},
  organization={Springer}
}
@inproceedings{kaminski2021hgraphcommunity,
  title={Community detection algorithm using hypergraph modularity},
  author={Bogumił Kamiński, Paweł Prałat & François Théberge},
  booktitle={Complex Networks \& Their Applications IX: Volume 1, Proceedings of the Ninth International Conference on Complex Networks and Their Applications COMPLEX NETWORKS 2020},
  pages={152--163},
  year={2021},
  organization={Springer}
}

// overlap coefficient
@article{vijaymeena2016survey,
  title={A survey on similarity measures in text mining},
  author={Vijaymeena, MK and Kavitha, K},
  journal={Machine Learning and Applications: An International Journal},
  volume={3},
  number={2},
  pages={19--28},
  year={2016}
}
// wTO
@article{gysi2018wto,
  title={wTO: an R package for computing weighted topological overlap and a consensus network with integrated visualization tool},
  author={Gysi, Deisy Morselli and Voigt, Andre and Fragoso, Tiago de Miranda and Almaas, Eivind and Nowick, Katja},
  journal={BMC bioinformatics},
  volume={19},
  number={1},
  pages={1--16},
  year={2018},
  publisher={BioMed Central}
}

// sfc
@article{ma2013largegraph,
  author={Ma, Kwan-Liu and Muelder, Chris W.},
  journal={Computer}, 
  title={Large-Scale Graph Visualization and Analytics}, 
  year={2013},
  volume={46},
  number={7},
  pages={39-46},
  doi={10.1109/MC.2013.242}}


@article{muelder2008sfc,
  title={Rapid graph layout using space filling curves},
  author={Muelder, Chris and Ma, Kwan-Liu},
  journal={IEEE Transactions on Visualization and Computer Graphics},
  volume={14},
  number={6},
  pages={1301--1308},
  year={2008},
  publisher={IEEE}
}
@article{auber2013gospermap,
  title={Gospermap: Using a gosper curve for laying out hierarchical data},
  author={Auber, David and Huet, Charles and Lambert, Antoine and Renoust, Benjamin and Sallaberry, Arnaud and Saulnier, Agnes},
  journal={IEEE transactions on visualization and computer graphics},
  volume={19},
  number={11},
  pages={1820--1832},
  year={2013},
  publisher={IEEE}
}
@misc{gilbert,
  author = {Jakub Červený},
  title = {https://github.com/jakubcerveny/gilbert/commits/master Generalized Hilbert ("gilbert") space-filling curve for rectangular domains of arbitrary (non-power of two) sizes. },
  year = 2019,
  url = {https://github.com/jakubcerveny/gilbert/commits/master},
}
@article{park2012concavehull,
  title={A new concave hull algorithm and concaveness measure for n-dimensional datasets},
  author={Park, Jin-Seo and Oh, Se-Jong},
  journal={Journal of Information science and engineering},
  volume={28},
  number={3},
  pages={587--600},
  year={2012},
  publisher={Citeseer}
}

// LLM
@article{li2023evaluateChatgpt,
  title={Evaluating ChatGPT's Information Extraction Capabilities: An Assessment of Performance, Explainability, Calibration, and Faithfulness},
  author={Li, Bo and Fang, Gexiang and Yang, Yang and Wang, Quansen and Ye, Wei and Zhao, Wen and Zhang, Shikun},
  journal={arXiv preprint arXiv:2304.11633},
  year={2023}
}

// document retrieval
@article{qiu2022docflow,
  title={DocFlow: A Visual Analytics System for Question-based Document Retrieval and Categorization},
  author={Qiu, Rui and Tu, Yamei and Wang, Yu-Shuen and Yen, Po-Yin and Shen, Han-Wei},
  journal={IEEE Transactions on Visualization and Computer Graphics},
  year={2022},
  publisher={IEEE}
}
@article{sultanum2023datatales,
  title={DataTales: Investigating the use of Large Language Models for Authoring Data-Driven Articles},
  author={Sultanum, Nicole and Srinivasan, Arjun},
  journal={arXiv preprint arXiv:2308.04076},
  year={2023}
}

// text analysis
@inproceedings{chuang2012interpretation,
  title={Interpretation and trust: Designing model-driven visualizations for text analysis},
  author={Chuang, Jason and Ramage, Daniel and Manning, Christopher and Heer, Jeffrey},
  booktitle={Proceedings of the SIGCHI conference on human factors in computing systems},
  pages={443--452},
  year={2012}
}
@article{lee2017humantopicmodel,
  title={The human touch: How non-expert users perceive, interpret, and fix topic models},
  author={Lee, Tak Yeon and Smith, Alison and Seppi, Kevin and Elmqvist, Niklas and Boyd-Graber, Jordan and Findlater, Leah},
  journal={International Journal of Human-Computer Studies},
  volume={105},
  pages={28--42},
  year={2017},
  publisher={Elsevier}
}
// text analysis
@article{sultanum2022chartwalk,
  title={ChartWalk: Navigating large collections of text notes in electronic health records for clinical chart review},
  author={Sultanum, Nicole and Naeem, Farooq and Brudno, Michael and Chevalier, Fanny},
  journal={IEEE Transactions on Visualization and Computer Graphics},
  volume={29},
  number={1},
  pages={1244--1254},
  year={2022},
  publisher={IEEE}
}

// topic models
@article{vayansky2020review,
  title={A review of topic modeling methods},
  author={Vayansky, Ike and Kumar, Sathish AP},
  journal={Information Systems},
  volume={94},
  pages={101582},
  year={2020},
  publisher={Elsevier}
}