//
// Word Clouds
//
// temporal word clouds
@ARTICLE{PyramidTags,
  author={Knittel, Johannes and Koch, Steffen and Ertl, Thomas},
  journal={IEEE Transactions on Visualization and Computer Graphics}, 
  title={PyramidTags: Context-, Time- and Word Order-Aware Tag Maps to Explore Large Document Collections}, 
  year={2021},
  volume={27},
  number={12},
  pages={4455-4468},
  doi={10.1109/TVCG.2020.3010095}}

@ARTICLE{SparkClouds,
  author={Lee, Bongshin and Riche, Nathalie Henry and Karlson, Amy K. and Carpendale, Sheelash},
  journal={IEEE Transactions on Visualization and Computer Graphics}, 
  title={SparkClouds: Visualizing Trends in Tag Clouds}, 
  year={2010},
  volume={16},
  number={6},
  pages={1182-1189},
  doi={10.1109/TVCG.2010.194}}

// relations between words
@INPROCEEDINGS{ParallelTagClouds,
author={Collins, Christopher and Viegas, Fernanda B. and Wattenberg, Martin},
booktitle={2009 IEEE Symposium on Visual Analytics Science and Technology}, 
title={Parallel Tag Clouds to explore and analyze faceted text corpora}, 
year={2009},
volume={},
number={},
pages={91-98},
doi={10.1109/VAST.2009.5333443}}

@INPROCEEDINGS{WordBridge,
  author={Kim, KyungTae and Ko, Sungahn and Elmqvist, Niklas and Ebert, David S.},
  booktitle={2011 44th Hawaii International Conference on System Sciences}, 
  title={WordBridge: Using Composite Tag Clouds in Node-Link Diagrams for Visualizing Content and Relations in Text Corpora}, 
  year={2011},
  volume={},
  number={},
  pages={1-8},
  doi={10.1109/HICSS.2011.499}}

// semantic-preserving
@inproceedings{SemWordCloudKLM,
  title={Semantic-preserving word clouds by seam carving},
  author={Wu, Yingcai and Provan, Thomas and Wei, Furu and Liu, Shixia and Ma, Kwan-Liu},
  booktitle={Computer Graphics Forum},
  volume={30},
  number={3},
  pages={741--750},
  year={2011},
  organization={Wiley Online Library}
}
@inproceedings{SemWordification,
  title={Semantic wordification of document collections},
  author={Paulovich, Fernando V and Toledo, Franklina MB and Telles, Guilherme P and Minghim, Rosane and Nonato, Luis Gustavo},
  booktitle={Computer Graphics Forum},
  volume={31},
  number={3pt3},
  pages={1145--1153},
  year={2012},
  organization={Wiley Online Library}
}
@incollection{wang2020Recloud,
  title={ReCloud: semantics-based word cloud visualization of user reviews},
  author={Wang, Ji and Zhao, Jian and Guo, Sheng and North, Chris and Ramakrishnan, Naren},
  booktitle={Graphics Interface 2014},
  pages={151--158},
  year={2020},
  publisher={AK Peters/CRC Press}
}
@inproceedings{cui2010context,
  title={Context preserving dynamic word cloud visualization},
  author={Cui, Weiwei and Wu, Yingcai and Liu, Shixia and Wei, Furu and Zhou, Michelle X and Qu, Huamin},
  booktitle={2010 IEEE Pacific Visualization Symposium (PacificVis)},
  pages={121--128},
  year={2010},
  organization={IEEE}
}
// sententree
@article{hu2016visualizing,
  title={Visualizing social media content with sententree},
  author={Hu, Mengdie and Wongsuphasawat, Krist and Stasko, John},
  journal={IEEE transactions on visualization and computer graphics},
  volume={23},
  number={1},
  pages={621--630},
  year={2016},
  publisher={IEEE}
}

// word cloud lacks analytical tasks
@article{viegas2008timelines,
  title={Timelines tag clouds and the case for vernacular visualization},
  author={Vi{\'e}gas, Fernanda B and Wattenberg, Martin},
  journal={interactions},
  volume={15},
  number={4},
  pages={49--52},
  year={2008},
  publisher={ACM New York, NY, USA}
}
//
// Topic Models
//

// review
@article{vayansky2020topicreview,
  title={A review of topic modeling methods},
  author={Vayansky, Ike and Kumar, Sathish AP},
  journal={Information Systems},
  volume={94},
  pages={101582},
  year={2020},
  publisher={Elsevier}
}

// LDA
@article{blei2003LDA,
  title={Latent dirichlet allocation},
  author={Blei, David M and Ng, Andrew Y and Jordan, Michael I},
  journal={Journal of machine Learning research},
  volume={3},
  number={Jan},
  pages={993--1022},
  year={2003}
}

// Correlated topic model
@article{blei2006correlated,
  title={Correlated topic models},
  author={Blei, David and Lafferty, John},
  journal={Advances in neural information processing systems},
  volume={18},
  pages={147},
  year={2006},
  publisher={MIT; 1998}
}

// Pachinko allocation model
@inproceedings{li2006pachinko,
  title={Pachinko allocation: DAG-structured mixture models of topic correlations},
  author={Li, Wei and McCallum, Andrew},
  booktitle={Proceedings of the 23rd international conference on Machine learning},
  pages={577--584},
  year={2006}
}
// non-negative matrix factorization
@article{lee1999NMF,
  title={Learning the parts of objects by non-negative matrix factorization},
  author={Lee, Daniel D and Seung, H Sebastian},
  journal={Nature},
  volume={401},
  number={6755},
  pages={788--791},
  year={1999},
  publisher={Nature Publishing Group UK London}
}

// VA for refinement of topic models
@article{el2017progressive,
  title={Progressive learning of topic modeling parameters: A visual analytics framework},
  author={El-Assady, Mennatallah and Sevastjanova, Rita and Sperrle, Fabian and Keim, Daniel and Collins, Christopher},
  journal={IEEE transactions on visualization and computer graphics},
  volume={24},
  number={1},
  pages={382--391},
  year={2017},
  publisher={IEEE}
}
@article{choo2013utopian,
  title={Utopian: User-driven topic modeling based on interactive nonnegative matrix factorization},
  author={Choo, Jaegul and Lee, Changhyun and Reddy, Chandan K and Park, Haesun},
  journal={IEEE transactions on visualization and computer graphics},
  volume={19},
  number={12},
  pages={1992--2001},
  year={2013},
  publisher={IEEE}
}
@inproceedings{lee2012ivisclustering,
  title={iVisClustering: An interactive visual document clustering via topic modeling},
  author={Lee, Hanseung and Kihm, Jaeyeon and Choo, Jaegul and Stasko, John and Park, Haesun},
  booktitle={Computer graphics forum},
  volume={31},
  number={3pt3},
  pages={1155--1164},
  year={2012},
  organization={Wiley Online Library}
}
@article{kim2016topiclens,
  title={Topiclens: Efficient multi-level visual topic exploration of large-scale document collections},
  author={Kim, Minjeong and Kang, Kyeongpil and Park, Deokgun and Choo, Jaegul and Elmqvist, Niklas},
  journal={IEEE transactions on visualization and computer graphics},
  volume={23},
  number={1},
  pages={151--160},
  year={2016},
  publisher={IEEE}
}
@inproceedings{chaney2012visualizing,
  title={Visualizing topic models},
  author={Chaney, Allison and Blei, David},
  booktitle={Proceedings of the International AAAI Conference on Web and Social Media},
  volume={6},
  number={1},
  pages={419--422},
  year={2012}
}
@article{gretarsson2012topicnets,
  title={Topicnets: Visual analysis of large text corpora with topic modeling},
  author={Gretarsson, Brynjar and Oâ€™donovan, John and Bostandjiev, Svetlin and H{\"o}llerer, Tobias and Asuncion, Arthur and Newman, David and Smyth, Padhraic},
  journal={ACM Transactions on Intelligent Systems and Technology (TIST)},
  volume={3},
  number={2},
  pages={1--26},
  year={2012},
  publisher={ACM New York, NY, USA}
}

// Interpreration and trust of topic models
@article{lee2017human,
  title={The human touch: How non-expert users perceive, interpret, and fix topic models},
  author={Lee, Tak Yeon and Smith, Alison and Seppi, Kevin and Elmqvist, Niklas and Boyd-Graber, Jordan and Findlater, Leah},
  journal={International Journal of Human-Computer Studies},
  volume={105},
  pages={28--42},
  year={2017},
  publisher={Elsevier}
}
@inproceedings{chuang2012interpretation,
  title={Interpretation and trust: Designing model-driven visualizations for text analysis},
  author={Chuang, Jason and Ramage, Daniel and Manning, Christopher and Heer, Jeffrey},
  booktitle={Proceedings of the SIGCHI conference on human factors in computing systems},
  pages={443--452},
  year={2012}
}

// topic modeling tuning
@inproceedings{chuang2013topicdiagnostic,
  title={Topic model diagnostics: Assessing domain relevance via topical alignment},
  author={Chuang, Jason and Gupta, Sonal and Manning, Christopher and Heer, Jeffrey},
  booktitle={International conference on machine learning},
  pages={612--620},
  year={2013},
  organization={PMLR}
}

// others
@article{park2017conceptvector,
  title={ConceptVector: Text visual analytics via interactive lexicon building using word embedding},
  author={Park, Deokgun and Kim, Seungyeon and Lee, Jurim and Choo, Jaegul and Diakopoulos, Nicholas and Elmqvist, Niklas},
  journal={IEEE transactions on visualization and computer graphics},
  volume={24},
  number={1},
  pages={361--370},
  year={2017},
  publisher={IEEE}
}
@article{cao2010facetatlas,
  title={Facetatlas: Multifaceted visualization for rich text corpora},
  author={Cao, Nan and Sun, Jimeng and Lin, Yu-Ru and Gotz, David and Liu, Shixia and Qu, Huamin},
  journal={IEEE transactions on visualization and computer graphics},
  volume={16},
  number={6},
  pages={1172--1181},
  year={2010},
  publisher={IEEE}
}
@inproceedings{stasko2007jigsaw,
  title={Jigsaw: supporting investigative analysis through interactive visualization},
  author={Stasko, John and Gorg, Carsten and Liu, Zhicheng and Singhal, Kanupriya},
  booktitle={2007 IEEE Symposium on Visual Analytics Science and Technology},
  pages={131--138},
  year={2007},
  organization={IEEE}
}
@ARTICLE{Narechania2022VITALITY,
  author={Narechania, Arpit and Karduni, Alireza and Wesslen, Ryan and Wall, Emily},
  journal={IEEE Transactions on Visualization and Computer Graphics}, 
  title={VITALITY: Promoting Serendipitous Discovery of Academic Literature with Transformers \& Visual Analytics}, 
  year={2022},
  volume={28},
  number={1},
  pages={486-496},
  doi={10.1109/TVCG.2021.3114820}}

// event extraction
// survey 
@ARTICLE{EESurveyBiomed,
  author={Frisoni, Giacomo and Moro, Gianluca and Carbonaro, Antonella},
  journal={IEEE Access}, 
  title={A Survey on Event Extraction for Natural Language Understanding: Riding the Biomedical Literature Wave}, 
  year={2021},
  volume={9},
  number={},
  pages={160721-160757},
  doi={10.1109/ACCESS.2021.3130956}}


// co-occurrence does not have actual interconnection
@incollection{chun2006extraction,
  title={Extraction of gene-disease relations from Medline using domain dictionaries and machine learning},
  author={Chun, Hong-Woo and Tsuruoka, Yoshimasa and Kim, Jin-Dong and Shiba, Rie and Nagata, Naoki and Hishiki, Teruyoshi and Tsujii, Junâ€™ichi},
  booktitle={Biocomputing 2006},
  pages={4--15},
  year={2006},
  publisher={World Scientific}
}

@article{trieu2020deepeventmine,
  title={DeepEventMine: end-to-end neural nested event extraction from biomedical texts},
  author={Trieu, Hai-Long and Tran, Thy Thy and Duong, Khoa NA and Nguyen, Anh and Miwa, Makoto and Ananiadou, Sophia},
  journal={Bioinformatics},
  volume={36},
  number={19},
  pages={4910--4917},
  year={2020},
  publisher={Oxford University Press}
}
@article{lu2021text2event,
  title={Text2event: Controllable sequence-to-structure generation for end-to-end event extraction},
  author={Lu, Yaojie and Lin, Hongyu and Xu, Jin and Han, Xianpei and Tang, Jialong and Li, Annan and Sun, Le and Liao, Meng and Chen, Shaoyi},
  journal={arXiv preprint arXiv:2106.09232},
  year={2021}
}

// hyper graphs
@inproceedings{fischer2021hypergraphsurvey,
  title={Towards a survey on static and dynamic hypergraph visualizations},
  author={Fischer, Maximilian T and Frings, Alexander and Keim, Daniel A and Seebacher, Daniel},
  booktitle={2021 IEEE visualization conference (VIS)},
  pages={81--85},
  year={2021},
  organization={IEEE}
}
@article{antelmi2020analyzing,
  title={Analyzing, exploring, and visualizing complex networks via hypergraphs using SimpleHypergraphs. jl},
  author={Antelmi, Alessia and Cordasco, Gennaro and Kami{\'n}ski, Bogumi{\l} and Pra{\l}at, Pawe{\l} and Scarano, Vittorio and Spagnuolo, Carmine and Szufel, Przemyslaw},
  journal={arXiv preprint arXiv:2002.04654},
  year={2020}
}

// node-link based
@inproceedings{kapec2010visualizing,
  title={Visualizing software artifacts using hypergraphs},
  author={Kapec, Peter},
  booktitle={Proceedings of the 26th Spring Conference on Computer Graphics},
  pages={27--32},
  year={2010}
}
@inproceedings{paquette2011hypergraph,
  title={Hypergraph visualization and enrichment statistics: how the EGAN paradigm facilitates organic discovery from big data},
  author={Paquette, Jesse and Tokuyasu, Taku},
  booktitle={Human Vision and Electronic Imaging XVI},
  volume={7865},
  pages={126--143},
  year={2011},
  organization={SPIE}
}
@inproceedings{kerren2013radial,
  title={A Novel Radial Visualization Approach for Undirected Hypergraphs.},
  author={Kerren, Andreas and Jusufi, Ilir},
  booktitle={EuroVis (Short Papers)},
  year={2013}
}
@article{ouvrard2017networks,
  title={Networks of collaborations: Hypergraph modeling and visualisation},
  author={Ouvrard, Xavier and Goff, Jean-Marie Le and Marchand-Maillet, St{\'e}phane},
  journal={arXiv preprint arXiv:1707.00115},
  year={2017}
}
@article{jacobsen2020metrosets,
  title={Metrosets: Visualizing sets as metro maps},
  author={Jacobsen, Ben and Wallinger, Markus and Kobourov, Stephen and N{\"o}llenburg, Martin},
  journal={IEEE Transactions on Visualization and Computer Graphics},
  volume={27},
  number={2},
  pages={1257--1267},
  year={2020},
  publisher={IEEE}
}
// timeline-based
@article{nguyen2016timesets,
  title={TimeSets: Timeline visualization with set relations},
  author={Nguyen, Phong H and Xu, Kai and Walker, Rick and Wong, BL William},
  journal={Information Visualization},
  volume={15},
  number={3},
  pages={253--269},
  year={2016},
  publisher={Sage Publications Sage UK: London, England}
}
@inproceedings{agarwal2020setstreams,
  title={Set Streams: Visual exploration of dynamic overlapping sets},
  author={Agarwal, Shivam and Beck, Fabian},
  booktitle={Computer Graphics Forum},
  volume={39},
  number={3},
  pages={383--391},
  year={2020},
  organization={Wiley Online Library}
}
@article{valdivia2019analyzing,
  title={Analyzing dynamic hypergraphs with parallel aggregated ordered hypergraph visualization},
  author={Valdivia, Paola and Buono, Paolo and Plaisant, Catherine and Dufournaud, Nicole and Fekete, Jean-Daniel},
  journal={IEEE transactions on visualization and computer graphics},
  volume={27},
  number={1},
  pages={1--13},
  year={2019},
  publisher={IEEE}
}

// matrix based
@inproceedings{streeb2019visual,
  title={Visual Analytics Framework for the Assessment of Temporal Hypergraph Prediction Models},
  author={Streeb, Dirk and Arya, Devanshu and Keim, Daniel A and Worring, Marcel},
  booktitle={Set Visual Analytics Workshop at IEEE VIS 2019},
  year={2019}
}
@article{fischer2020visual,
  title={Visual analytics for temporal hypergraph model exploration},
  author={Fischer, Maximilian T and Arya, Devanshu and Streeb, Dirk and Seebacher, Daniel and Keim, Daniel A and Worring, Marcel},
  journal={IEEE Transactions on Visualization and Computer Graphics},
  volume={27},
  number={2},
  pages={550--560},
  year={2020},
  publisher={IEEE}
}