// hypergraph vis
@inproceedings{fischer2021hypergraphsurvey,
  title={Towards a survey on static and dynamic hypergraph visualizations},
  author={Fischer, Maximilian T and Frings, Alexander and Keim, Daniel A and Seebacher, Daniel},
  booktitle={2021 IEEE visualization conference (VIS)},
  pages={81--85},
  year={2021},
  organization={IEEE}
}
@article{collins2009bubble,
  title={Bubble sets: Revealing set relations with isocontours over existing visualizations},
  author={Collins, Christopher and Penn, Gerald and Carpendale, Sheelagh},
  journal={IEEE transactions on visualization and computer graphics},
  volume={15},
  number={6},
  pages={1009--1016},
  year={2009},
  publisher={IEEE}
}
@article{ouvrard2017hypergraph,
  author       = {Xavier Ouvrard and
                  Jean{-}Marie Le Goff and
                  St{\'{e}}phane Marchand{-}Maillet},
  title        = {Networks of Collaborations: Hypergraph Modeling and Visualisation},
  journal      = {CoRR},
  volume       = {abs/1707.00115},
  year         = {2017},
  url          = {http://arxiv.org/abs/1707.00115},
  eprinttype    = {arXiv},
  eprint       = {1707.00115},
  timestamp    = {Mon, 13 Aug 2018 16:48:02 +0200},
  biburl       = {https://dblp.org/rec/journals/corr/OuvrardGM17.bib},
  bibsource    = {dblp computer science bibliography, https://dblp.org}
}

@article{abdelaal2022network,
  title={Comparative evaluation of bipartite, node-link, and matrix-based network representations},
  author={Abdelaal, Moataz and Schiele, Nathan D and Angerbauer, Katrin and Kurzhals, Kuno and Sedlmair, Michael and Weiskopf, Daniel},
  journal={IEEE Transactions on Visualization and Computer Graphics},
  volume={29},
  number={1},
  pages={896--906},
  year={2022},
  publisher={IEEE}
}
@article{steinbach2000doccluster,
  title={A comparison of document clustering techniques},
  author={Steinbach, Michael and Karypis, George and Kumar, Vipin},
  year={2000}
}
@inproceedings{dinkla2012kelp,
  title={Kelp diagrams: Point set membership visualization},
  author={Dinkla, Kasper and Van Kreveld, Marc J and Speckmann, Bettina and Westenberg, Michel A},
  booktitle={Computer Graphics Forum},
  volume={31},
  number={3pt1},
  pages={875--884},
  year={2012},
  organization={Wiley Online Library}
}
@article{meulemans2013kelpfusion,
  title={Kelpfusion: A hybrid set visualization technique},
  author={Meulemans, Wouter and Riche, Nathalie Henry and Speckmann, Bettina and Alper, Basak and Dwyer, Tim},
  journal={IEEE transactions on visualization and computer graphics},
  volume={19},
  number={11},
  pages={1846--1858},
  year={2013},
  publisher={IEEE}
}
@article{jacobsen2020metrosets,
  title={Metrosets: Visualizing sets as metro maps},
  author={Jacobsen, Ben and Wallinger, Markus and Kobourov, Stephen and N{\"o}llenburg, Martin},
  journal={IEEE Transactions on Visualization and Computer Graphics},
  volume={27},
  number={2},
  pages={1257--1267},
  year={2020},
  publisher={IEEE}
}
@inproceedings{kerren2013novel,
  title={A Novel Radial Visualization Approach for Undirected Hypergraphs.},
  author={Kerren, Andreas and Jusufi, Ilir},
  booktitle={EuroVis (Short Papers)},
  year={2013}
}
@ARTICLE{riche2010euler,
  author={Riche, Nathalie Henry and Dwyer, Tim},
  journal={IEEE Transactions on Visualization and Computer Graphics}, 
  title={Untangling Euler Diagrams}, 
  year={2010},
  volume={16},
  number={6},
  pages={1090-1099},
  doi={10.1109/TVCG.2010.210}}
@ARTICLE{simonetoo2016euler,
author={Simonetto, Paolo and Archambault, Daniel and Scheidegger, Carlos},
journal={IEEE Transactions on Visualization and Computer Graphics}, 
title={A Simple Approach for Boundary Improvement of Euler Diagrams}, 
year={2016},
volume={22},
number={1},
pages={678-687},
doi={10.1109/TVCG.2015.2467992}}

@inproceedings{qu2017interactive,
  title={Interactive design and visualization of N-ary relationships},
  author={Qu, Botong and Kumar, Prashant and Zhang, Eugene and Jaiswal, Pankaj and Cooper, Laurel and Elser, Justin and Zhang, Yue},
  booktitle={SIGGRAPH Asia 2017 Symposium on Visualization},
  pages={1--8},
  year={2017}
}
@article{qu2021automatic,
  title={Automatic polygon layout for primal-dual visualization of hypergraphs},
  author={Qu, Botong and Zhang, Eugene and Zhang, Yue},
  journal={IEEE Transactions on Visualization and Computer Graphics},
  volume={28},
  number={1},
  pages={633--642},
  year={2021},
  publisher={IEEE}
}
@article{oliver2023scalable,
  title={Scalable Hypergraph Visualization},
  author={Oliver, Peter and Zhang, Eugene and Zhang, Yue},
  journal={arXiv preprint arXiv:2308.05043},
  year={2023}
}
// attributed node clustering
@inproceedings{citraro2020eva,
  title={Eva: Attribute-aware network segmentation},
  author={Salvatore Citraro and Giulio Rossetti},
  booktitle={Complex Networks and Their Applications VIII: Volume 1 Proceedings of the Eighth International Conference on Complex Networks and Their Applications COMPLEX NETWORKS 2019 8},
  pages={141--151},
  year={2020},
  organization={Springer}
}
@inproceedings{combe2015louvain,
  title={I-louvain: An attributed graph clustering method},
  author={Combe, David and Largeron, Christine and G{\'e}ry, Mathias and Egyed-Zsigmond, El{\H{o}}d},
  booktitle={Advances in Intelligent Data Analysis XIV: 14th International Symposium, IDA 2015, Saint Etienne. France, October 22-24, 2015. Proceedings 14},
  pages={181--192},
  year={2015},
  organization={Springer}
}
// hypergraph clustering
@inproceedings{kumar2020new,
  title={A new measure of modularity in hypergraphs: Theoretical insights and implications for effective clustering},
  author={Kumar, Tarun and Vaidyanathan, Sankaran and Ananthapadmanabhan, Harini and Parthasarathy, Srinivasan and Ravindran, Balaraman},
  booktitle={Complex Networks and Their Applications VIII: Volume 1 Proceedings of the Eighth International Conference on Complex Networks and Their Applications COMPLEX NETWORKS 2019 8},
  pages={286--297},
  year={2020},
  organization={Springer}
}
@inproceedings{kaminski2021hgraphcommunity,
  title={Community detection algorithm using hypergraph modularity},
  author={Bogumił Kamiński, Paweł Prałat & François Théberge},
  booktitle={Complex Networks \& Their Applications IX: Volume 1, Proceedings of the Ninth International Conference on Complex Networks and Their Applications COMPLEX NETWORKS 2020},
  pages={152--163},
  year={2021},
  organization={Springer}
}

// overlap coefficient
@article{vijaymeena2016survey,
  title={A survey on similarity measures in text mining},
  author={Vijaymeena, MK and Kavitha, K},
  journal={Machine Learning and Applications: An International Journal},
  volume={3},
  number={2},
  pages={19--28},
  year={2016}
}
// wTO
@article{gysi2018wto,
  title={wTO: an R package for computing weighted topological overlap and a consensus network with integrated visualization tool},
  author={Gysi, Deisy Morselli and Voigt, Andre and Fragoso, Tiago de Miranda and Almaas, Eivind and Nowick, Katja},
  journal={BMC bioinformatics},
  volume={19},
  number={1},
  pages={1--16},
  year={2018},
  publisher={BioMed Central}
}

// sfc
@article{ma2013largegraph,
  author={Ma, Kwan-Liu and Muelder, Chris W.},
  journal={Computer}, 
  title={Large-Scale Graph Visualization and Analytics}, 
  year={2013},
  volume={46},
  number={7},
  pages={39-46},
  doi={10.1109/MC.2013.242}}


@article{muelder2008sfc,
  title={Rapid graph layout using space filling curves},
  author={Muelder, Chris and Ma, Kwan-Liu},
  journal={IEEE Transactions on Visualization and Computer Graphics},
  volume={14},
  number={6},
  pages={1301--1308},
  year={2008},
  publisher={IEEE}
}
@article{auber2013gospermap,
  title={Gospermap: Using a gosper curve for laying out hierarchical data},
  author={Auber, David and Huet, Charles and Lambert, Antoine and Renoust, Benjamin and Sallaberry, Arnaud and Saulnier, Agnes},
  journal={IEEE transactions on visualization and computer graphics},
  volume={19},
  number={11},
  pages={1820--1832},
  year={2013},
  publisher={IEEE}
}
@misc{gilbert,
  author = {Jakub Červený},
  title = {https://github.com/jakubcerveny/gilbert/commits/master Generalized Hilbert ("gilbert") space-filling curve for rectangular domains of arbitrary (non-power of two) sizes. },
  year = 2019,
  url = {https://github.com/jakubcerveny/gilbert/commits/master},
}
@article{park2012concavehull,
  title={A new concave hull algorithm and concaveness measure for n-dimensional datasets},
  author={Park, Jin-Seo and Oh, Se-Jong},
  journal={Journal of Information science and engineering},
  volume={28},
  number={3},
  pages={587--600},
  year={2012},
  publisher={Citeseer}
}

// LLM
@article{li2023evaluateChatgpt,
  title={Evaluating ChatGPT's Information Extraction Capabilities: An Assessment of Performance, Explainability, Calibration, and Faithfulness},
  author={Li, Bo and Fang, Gexiang and Yang, Yang and Wang, Quansen and Ye, Wei and Zhao, Wen and Zhang, Shikun},
  journal={arXiv preprint arXiv:2304.11633},
  year={2023}
}
@misc{zhou2023contextfaithful,
      title={Context-faithful Prompting for Large Language Models}, 
      author={Wenxuan Zhou and Sheng Zhang and Hoifung Poon and Muhao Chen},
      year={2023},
      eprint={2303.11315},
      archivePrefix={arXiv},
      primaryClass={cs.CL}
}
@article{bang2023multitask,
  title={A multitask, multilingual, multimodal evaluation of chatgpt on reasoning, hallucination, and interactivity},
  author={Bang, Yejin and Cahyawijaya, Samuel and Lee, Nayeon and Dai, Wenliang and Su, Dan and Wilie, Bryan and Lovenia, Holy and Ji, Ziwei and Yu, Tiezheng and Chung, Willy and others},
  journal={arXiv preprint arXiv:2302.04023},
  year={2023}
}
@inproceedings{zamfirescu2023prompt,
  title={Why Johnny can’t prompt: how non-AI experts try (and fail) to design LLM prompts},
  author={Zamfirescu-Pereira, JD and Wong, Richmond Y and Hartmann, Bjoern and Yang, Qian},
  booktitle={Proceedings of the 2023 CHI Conference on Human Factors in Computing Systems},
  pages={1--21},
  year={2023}
}

// document retrieval
@article{qiu2022docflow,
  title={DocFlow: A Visual Analytics System for Question-based Document Retrieval and Categorization},
  author={Qiu, Rui and Tu, Yamei and Wang, Yu-Shuen and Yen, Po-Yin and Shen, Han-Wei},
  journal={IEEE Transactions on Visualization and Computer Graphics},
  year={2022},
  publisher={IEEE}
}
@article{sultanum2023datatales,
  title={DataTales: Investigating the use of Large Language Models for Authoring Data-Driven Articles},
  author={Sultanum, Nicole and Srinivasan, Arjun},
  journal={arXiv preprint arXiv:2308.04076},
  year={2023}
}

// text analysis
@inproceedings{chuang2012interpretation,
  title={Interpretation and trust: Designing model-driven visualizations for text analysis},
  author={Chuang, Jason and Ramage, Daniel and Manning, Christopher and Heer, Jeffrey},
  booktitle={Proceedings of the SIGCHI conference on human factors in computing systems},
  pages={443--452},
  year={2012}
}
@article{lee2017humantopicmodel,
  title={The human touch: How non-expert users perceive, interpret, and fix topic models},
  author={Lee, Tak Yeon and Smith, Alison and Seppi, Kevin and Elmqvist, Niklas and Boyd-Graber, Jordan and Findlater, Leah},
  journal={International Journal of Human-Computer Studies},
  volume={105},
  pages={28--42},
  year={2017},
  publisher={Elsevier}
}
@article{chang2009reading,
  title={Reading tea leaves: How humans interpret topic models},
  author={Chang, Jonathan and Gerrish, Sean and Wang, Chong and Boyd-Graber, Jordan and Blei, David},
  journal={Advances in neural information processing systems},
  volume={22},
  year={2009}
}

// sentiment analysis
@article{beasley2021through,
  title={Through the looking glass: insights into visualization pedagogy through sentiment analysis of peer review text},
  author={Beasley, Zachariah J and Friedman, Alon and Rosen, Paul},
  journal={IEEE Computer Graphics and Applications},
  volume={41},
  number={6},
  pages={59--70},
  year={2021},
  publisher={IEEE}
}

// topic models
@article{atzberger2023evaluatetopicmodel,
  title={Large-Scale Evaluation of Topic Models and Dimensionality Reduction Methods for 2D Text Spatialization},
  author={Atzberger, Daniel and Cech, Tim and Scheibel, Willy and Trapp, Matthias and Richter, Rico and D{\"o}llner, J{\"u}rgen and Schreck, Tobias},
  journal={arXiv preprint arXiv:2307.11770},
  year={2023}
}
@article{vayansky2020review,
  title={A review of topic modeling methods},
  author={Vayansky, Ike and Kumar, Sathish AP},
  journal={Information Systems},
  volume={94},
  pages={101582},
  year={2020},
  publisher={Elsevier}
}
@article{yang2017vistopic,
  title={Vistopic: A visual analytics system for making sense of large document collections using hierarchical topic modeling},
  author={Yang, Yi and Yao, Quanming and Qu, Huamin},
  journal={Visual Informatics},
  volume={1},
  number={1},
  pages={40--47},
  year={2017},
  publisher={Elsevier}
}
@inproceedings{oelke2014topiccoin,
  title={Comparative exploration of document collections: a visual analytics approach},
  author={Oelke, Daniela and Strobelt, Hendrik and Rohrdantz, Christian and Gurevych, Iryna and Deussen, Oliver},
  booktitle={Computer Graphics Forum},
  volume={33},
  number={3},
  pages={201--210},
  year={2014},
  organization={Wiley Online Library}
}
@inproceedings{lee2012ivisclustering,
  title={iVisClustering: An interactive visual document clustering via topic modeling},
  author={Lee, Hanseung and Kihm, Jaeyeon and Choo, Jaegul and Stasko, John and Park, Haesun},
  booktitle={Computer graphics forum},
  volume={31},
  number={3pt3},
  pages={1155--1164},
  year={2012},
  organization={Wiley Online Library}
}
// temporal topic models
@article{havre2002themeriver,
  title={Themeriver: Visualizing thematic changes in large document collections},
  author={Havre, Susan and Hetzler, Elizabeth and Whitney, Paul and Nowell, Lucy},
  journal={IEEE transactions on visualization and computer graphics},
  volume={8},
  number={1},
  pages={9--20},
  year={2002},
  publisher={IEEE}
}
@article{gunnemann2013interactive,
  title={An interactive system for visual analytics of dynamic topic models},
  author={G{\"u}nnemann, Nikou and Derntl, Michael and Klamma, Ralf and Jarke, Matthias},
  journal={Datenbank-Spektrum},
  volume={13},
  pages={213--223},
  year={2013},
  publisher={Springer}
}
@ARTICLE{gad2015themedelta,
  author={Gad, Samah and Javed, Waqas and Ghani, Sohaib and Elmqvist, Niklas and Ewing, Tom and Hampton, Keith N. and Ramakrishnan, Naren},
  journal={IEEE Transactions on Visualization and Computer Graphics}, 
  title={ThemeDelta: Dynamic Segmentations over Temporal Topic Models}, 
  year={2015},
  volume={21},
  number={5},
  pages={672-685},
  doi={10.1109/TVCG.2014.2388208}}
@article{pepin2017visual,
  title={Visual analytics for exploring topic long-term evolution and detecting weak signals in company targeted tweets},
  author={P{\'e}pin, Lambert and Kuntz, Pascale and Blanchard, Julien and Guillet, Fabrice and Suignard, Philippe},
  journal={Computers \& Industrial Engineering},
  volume={112},
  pages={450--458},
  year={2017},
  publisher={Elsevier}
}
@ARTICLE{cho2016vairoma,
  author={Cho, Isaac and Dou, Wewnen and Wang, Derek Xiaoyu and Sauda, Eric and Ribarsky, William},
  journal={IEEE Transactions on Visualization and Computer Graphics}, 
  title={VAiRoma: A Visual Analytics System for Making Sense of Places, Times, and Events in Roman History}, 
  year={2016},
  volume={22},
  number={1},
  pages={210-219},
  doi={10.1109/TVCG.2015.2467971}}
@ARTICLE{han2022hisva,
author={Han, Dongyun and Parsad, Gorakh and Kim, Hwiyeon and Shim, Jaekyom and Kwon, Oh-Sang and Son, Kyung A. and Lee, Jooyoung and Cho, Isaac and Ko, Sungahn},
journal={IEEE Transactions on Visualization and Computer Graphics}, 
title={HisVA: A Visual Analytics System for Studying History}, 
year={2022},
volume={28},
number={12},
pages={4344-4359},
doi={10.1109/TVCG.2021.3086414}}
@INPROCEEDINGS{yan2019clfsemi,
author={Yan, Yuyu and Tao, Yubo and Jin, Sichen and Xu, Jin and Lin, Hai},
booktitle={2019 IEEE Pacific Visualization Symposium (PacificVis)}, 
title={An Interactive Visual Analytics System for Incremental Classification Based on Semi-supervised Topic Modeling}, 
year={2019},
volume={},
number={},
pages={148-157},
doi={10.1109/PacificVis.2019.00025}}
@INPROCEEDINGS{alexander2014serendip,
  author={Alexander, Eric and Kohlmann, Joe and Valenza, Robin and Witmore, Michael and Gleicher, Michael},
  booktitle={2014 IEEE Conference on Visual Analytics Science and Technology (VAST)}, 
  title={Serendip: Topic model-driven visual exploration of text corpora}, 
  year={2014},
  volume={},
  number={},
  pages={173-182},
  doi={10.1109/VAST.2014.7042493}}
@article{dou2013hierarchicaltopics,
  title={Hierarchicaltopics: Visually exploring large text collections using topic hierarchies},
  author={Dou, Wenwen and Yu, Li and Wang, Xiaoyu and Ma, Zhiqiang and Ribarsky, William},
  journal={IEEE Transactions on Visualization and Computer Graphics},
  volume={19},
  number={12},
  pages={2002--2011},
  year={2013},
  publisher={IEEE}
}

// entity-based
@INPROCEEDINGS{Stasko2007jigasw,
  author={Stasko, John and Gorg, Carsten and Liu, Zhicheng and Singhal, Kanupriya},
  booktitle={2007 IEEE Symposium on Visual Analytics Science and Technology}, 
  title={Jigsaw: Supporting Investigative Analysis through Interactive Visualization}, 
  year={2007},
  volume={},
  number={},
  pages={131-138},
  doi={10.1109/VAST.2007.4389006}}
@article{cao2010facetatlas,
  title={Facetatlas: Multifaceted visualization for rich text corpora},
  author={Cao, Nan and Sun, Jimeng and Lin, Yu-Ru and Gotz, David and Liu, Shixia and Qu, Huamin},
  journal={IEEE transactions on visualization and computer graphics},
  volume={16},
  number={6},
  pages={1172--1181},
  year={2010},
  publisher={IEEE}
}
@ARTICLE{park2018conceptvector,
  author={Park, Deokgun and Kim, Seungyeon and Lee, Jurim and Choo, Jaegul and Diakopoulos, Nicholas and Elmqvist, Niklas},
  journal={IEEE Transactions on Visualization and Computer Graphics}, 
  title={ConceptVector: Text Visual Analytics via Interactive Lexicon Building Using Word Embedding}, 
  year={2018},
  volume={24},
  number={1},
  pages={361-370},
  doi={10.1109/TVCG.2017.2744478}}

// embedding-based
@article{narechania2022vitality,
  title={vitaLITy: Promoting Serendipitous Discovery of Academic Literature},
  author={Narechania, Arpit and Karduni, Alireza and Wesslen, Ryan and Wall, Emily},
  year={2022},
  publisher={Georgia Institute of Technology}
}
@article{tu2023sdrquerier,
  title={SDRQuerier: A Visual Querying Framework for Cross-National Survey Data Recycling},
  author={Tu, Yamei and Li, Olga and Wang, Junpeng and Shen, Han-Wei and Powa{\l}ko, Przemek and Tomescu-Dubrow, Irina and Slomczynski, Kazimierz M and Blanas, Spyros and Jenkins, J Craig},
  journal={IEEE Transactions on Visualization and Computer Graphics},
  year={2023},
  publisher={IEEE}
}
@ARTICLE{choo2013utopian,
  author={Choo, Jaegul and Lee, Changhyun and Reddy, Chandan K. and Park, Haesun},
  journal={IEEE Transactions on Visualization and Computer Graphics}, 
  title={UTOPIAN: User-Driven Topic Modeling Based on Interactive Nonnegative Matrix Factorization}, 
  year={2013},
  volume={19},
  number={12},
  pages={1992-2001},
  doi={10.1109/TVCG.2013.212}}
@inproceedings{sherkat2018interactive,
  title={Interactive document clustering revisited: A visual analytics approach},
  author={Sherkat, Ehsan and Nourashrafeddin, Seyednaser and Milios, Evangelos E and Minghim, Rosane},
  booktitle={23rd International Conference on Intelligent User Interfaces},
  pages={281--292},
  year={2018}
}
@article{devlin2018bert,
  title={Bert: Pre-training of deep bidirectional transformers for language understanding},
  author={Devlin, Jacob and Chang, Ming-Wei and Lee, Kenton and Toutanova, Kristina},
  journal={arXiv preprint arXiv:1810.04805},
  year={2018}
}
@inproceedings{karpukhin-etal-2020-dense,
    title = "Dense Passage Retrieval for Open-Domain Question Answering",
    author = "Karpukhin, Vladimir  and
      Oguz, Barlas  and
      Min, Sewon  and
      Lewis, Patrick  and
      Wu, Ledell  and
      Edunov, Sergey  and
      Chen, Danqi  and
      Yih, Wen-tau",
    booktitle = "Proceedings of the 2020 Conference on Empirical Methods in Natural Language Processing (EMNLP)",
    month = nov,
    year = "2020",
    address = "Online",
    publisher = "Association for Computational Linguistics",
    url = "https://aclanthology.org/2020.emnlp-main.550",
    doi = "10.18653/v1/2020.emnlp-main.550",
    pages = "6769--6781",
    abstract = "Open-domain question answering relies on efficient passage retrieval to select candidate contexts, where traditional sparse vector space models, such as TF-IDF or BM25, are the de facto method. In this work, we show that retrieval can be practically implemented using dense representations alone, where embeddings are learned from a small number of questions and passages by a simple dual-encoder framework. When evaluated on a wide range of open-domain QA datasets, our dense retriever outperforms a strong Lucene-BM25 system greatly by 9{\%}-19{\%} absolute in terms of top-20 passage retrieval accuracy, and helps our end-to-end QA system establish new state-of-the-art on multiple open-domain QA benchmarks.",
}
@article{
izacard2022unsupervised,
title={Unsupervised Dense Information Retrieval with Contrastive Learning},
author={Gautier Izacard and Mathilde Caron and Lucas Hosseini and Sebastian Riedel and Piotr Bojanowski and Armand Joulin and Edouard Grave},
journal={Transactions on Machine Learning Research},
issn={2835-8856},
year={2022},
url={https://openreview.net/forum?id=jKN1pXi7b0},
note={}
}

// Information Extraction
@article{xiang2019surveyee,
  title={A survey of event extraction from text},
  author={Xiang, Wei and Wang, Bang},
  journal={IEEE Access},
  volume={7},
  pages={173111--173137},
  year={2019},
  publisher={IEEE}
}
@article{nasar2021named,
  title={Named entity recognition and relation extraction: State-of-the-art},
  author={Nasar, Zara and Jaffry, Syed Waqar and Malik, Muhammad Kamran},
  journal={ACM Computing Surveys (CSUR)},
  volume={54},
  number={1},
  pages={1--39},
  year={2021},
  publisher={ACM New York, NY, USA}
}
@article{zhang2023extractive,
  title={Extractive summarization via chatgpt for faithful summary generation},
  author={Zhang, Haopeng and Liu, Xiao and Zhang, Jiawei},
  journal={arXiv preprint arXiv:2304.04193},
  year={2023}
}

// curation
@article{sultanum2022chartwalk,
  title={ChartWalk: Navigating large collections of text notes in electronic health records for clinical chart review},
  author={Sultanum, Nicole and Naeem, Farooq and Brudno, Michael and Chevalier, Fanny},
  journal={IEEE Transactions on Visualization and Computer Graphics},
  volume={29},
  number={1},
  pages={1244--1254},
  year={2022},
  publisher={IEEE}
}
@article{sultanum2018doccurate,
  title={Doccurate: A curation-based approach for clinical text visualization},
  author={Sultanum, Nicole and Singh, Devin and Brudno, Michael and Chevalier, Fanny},
  journal={IEEE transactions on visualization and computer graphics},
  volume={25},
  number={1},
  pages={142--151},
  year={2018},
  publisher={IEEE}
}
@article{fulda2015timelinecurator,
  title={TimeLineCurator: Interactive authoring of visual timelines from unstructured text},
  author={Fulda, Johanna and Brehmer, Matthew and Munzner, Tamara},
  journal={IEEE transactions on visualization and computer graphics},
  volume={22},
  number={1},
  pages={300--309},
  year={2015},
  publisher={IEEE}
}
@article{lin2022datahunch,
  title={Data hunches: Incorporating personal knowledge into visualizations},
  author={Lin, Haihan and Akbaba, Derya and Meyer, Miriah and Lex, Alexander},
  journal={IEEE Transactions on Visualization and Computer Graphics},
  volume={29},
  number={1},
  pages={504--514},
  year={2022},
  publisher={IEEE}
}
// LLM in VA
@article{maddigan2023chat2vis,
  title={Chat2vis: Generating data visualisations via natural language using chatgpt, codex and gpt-3 large language models},
  author={Maddigan, Paula and Susnjak, Teo},
  journal={IEEE Access},
  year={2023},
  publisher={IEEE}
}
@ARTICLE{strobelt2023prompt,
  author={Strobelt, Hendrik and Webson, Albert and Sanh, Victor and Hoover, Benjamin and Beyer, Johanna and Pfister, Hanspeter and Rush, Alexander M.},
  journal={IEEE Transactions on Visualization and Computer Graphics}, 
  title={Interactive and Visual Prompt Engineering for Ad-hoc Task Adaptation with Large Language Models}, 
  year={2023},
  volume={29},
  number={1},
  pages={1146-1156},
  doi={10.1109/TVCG.2022.3209479}}
@article{wang2023dataformulator,
  title={Data Formulator: AI-powered Concept-driven Visualization Authoring}, 
  author={Chenglong Wang and John Thompson and Bongshin Lee},
  journal={IEEE Transactions on Visualization and Computer Graphics},
  year={2023},
  publisher={IEEE}
}
@article{raval2023explainandtrust,
  title={Explain and Trust: An interactive Machine Learning Framework for Exploring Text Embeddings}, 
  author={Shivam Raval and Carolyn Wang and Fernanda Vi\'egas and Martin Wattenberg},
  journal={IEEE Transactions on Visualization and Computer Graphics},
  year={2023},
  publisher={IEEE}
}

// websites
@misc{allthenews,
  title = {{All The News}},
  howpublished = {\url{https://components.one/datasets/all-the-news-2-news-articles-dataset}},
}
@article{vispub,
  author      = {Petra Isenberg and Florian Heimerl and Steffen Koch and Tobias Isenberg and Panpan Xu and Chad Stolper and Michael Sedlmair and Jian Chen and Torsten M{\"o}ller and John Stasko},
  title       = {vispubdata.org: A Metadata Collection about {IEEE} Visualization ({VIS}) Publications},
  journal     = {IEEE Transactions on Visualization and Computer Graphics},
  year        = {2017},
  volume      = {23},
  number      = {9},
  month       = sep,
  pages       = {2199--2206},
  doi         = {10.1109/TVCG.2016.2615308},
  doi_url     = {https://doi.org/10.1109/TVCG.2016.2615308},
  url         = {https://tobias.isenberg.cc/VideosAndDemos/Isenberg2017VMC},
  url2        = {http://www.vispubdata.org/site/vispubdata/},
  pdf         = {https://petra.isenberg.cc/publications/papers/Isenberg_2017_VMC.pdf},
}
@inproceedings{ayoola2022refined,
    title = "{R}e{F}in{ED}: An Efficient Zero-shot-capable Approach to End-to-End Entity Linking",
    author = "Tom Ayoola and Shubhi Tyagi and  Joseph Fisher and Christos Christodoulopoulos and Andrea Pierleoni",
    booktitle = "NAACL",
    year = "2022"
}
@inproceedings{chuang2012termite,
  title={Termite: Visualization techniques for assessing textual topic models},
  author={Chuang, Jason and Manning, Christopher D and Heer, Jeffrey},
  booktitle={Proceedings of the international working conference on advanced visual interfaces},
  pages={74--77},
  year={2012}
}
@article{shen2014entity,
  title={Entity linking with a knowledge base: Issues, techniques, and solutions},
  author={Shen, Wei and Wang, Jianyong and Han, Jiawei},
  journal={IEEE Transactions on Knowledge and Data Engineering},
  volume={27},
  number={2},
  pages={443--460},
  year={2014},
  publisher={IEEE}
}
@article{bach2022systematic,
  title={A systematic literature review of user trust in AI-enabled systems: An HCI perspective},
  author={Bach, Tita Alissa and Khan, Amna and Hallock, Harry and Beltr{\~a}o, Gabriela and Sousa, Sonia},
  journal={International Journal of Human--Computer Interaction},
  pages={1--16},
  year={2022},
  publisher={Taylor \& Francis}
}
@inproceedings{petridis2023promptinfuser,
  title={PromptInfuser: Bringing User Interface Mock-ups to Life with Large Language Models},
  author={Petridis, Savvas and Terry, Michael and Cai, Carrie Jun},
  booktitle={Extended Abstracts of the 2023 CHI Conference on Human Factors in Computing Systems},
  pages={1--6},
  year={2023}
}
@inproceedings{dang2023choice,
  title={Choice over control: How users write with large language models using diegetic and non-diegetic prompting},
  author={Dang, Hai and Goller, Sven and Lehmann, Florian and Buschek, Daniel},
  booktitle={Proceedings of the 2023 CHI Conference on Human Factors in Computing Systems},
  pages={1--17},
  year={2023}
}